@book{pthreads,
	author = {Buttlar, D and others},
	title = {PThreads Programming: A POSIX Standard for Better Multiprocessing},
	year = {1996},
	month = {Sep},
	day = {01},
	publisher = {O'Reilly Media, Inc},
}

@misc{pthreadVSopen,
	author = {Binstock, A},
	title = {Threading Models for High-Performance Computing: Pthreads or OpenMP?},
		year = {2010},
	month = {Oct},
	day = {21},
	url = {https://software.intel.com/en-us/articles/threading-models-for-high-performance-computing-pthreads-or-openmp},
	note = {Last accessed: 20/02/2018},
}

@book{HPC,
	author = {Hager, G and Wellein, G},
	title = {Introduction to High Performance Computing for Scientists and Engineers},
	year = {2011},
	publisher = {CRC Press},
	page = {151}
}

	
@article{kuhn2000openmp,
	title={OpenMP versus threading in C/C++},
	author={Kuhn, Bob and Petersen, Paul and O'Toole, Eamonn},
	journaltitle={Concurrency - Practice and Experience},
	volume={12},
	number={12},
	pages={1165--1176},
	year={2000}
}

